<?xml version="1.0" encoding="UTF-8"?><collection xmlns="http://www.loc.gov/MARC21/slim"><record><leader>00437nam--2200169-i-4500</leader><controlfield tag="001">000009296</controlfield><controlfield tag="002">20161230</controlfield><controlfield tag="005">20161230201028</controlfield><controlfield tag="008">060222s1000------------r-----000-0-eng-d</controlfield><datafield ind1=" " ind2=" " tag="040"><subfield code="a">IFN-HH</subfield></datafield><datafield ind1=" " ind2=" " tag="080"><subfield code="a">538</subfield></datafield><datafield ind1="1" ind2=" " tag="100"><subfield code="a">Brailsford, F</subfield></datafield><datafield ind1="1" ind2="0" tag="245"><subfield code="a">Physical principles of magnetism</subfield><subfield code="c">F. brailsford</subfield></datafield><datafield ind1=" " ind2=" " tag="260"><subfield code="a">London</subfield><subfield code="b">D.Van Nostrand Company Ltd</subfield><subfield code="c">1966</subfield></datafield><datafield ind1=" " ind2=" " tag="300"><subfield code="a">X + 274P</subfield></datafield><datafield ind1=" " ind2=" " tag="852"><subfield code="a">32885</subfield><subfield code="c">537:538</subfield></datafield><datafield ind1=" " ind2=" " tag="CAT"><subfield code="a">Sys</subfield><subfield code="c">20110616</subfield><subfield code="h">125452</subfield></datafield></record></collection>